[gd_scene load_steps=13 format=2]

[ext_resource path="res://Resourses/Sprites/bg_pink.png" type="Texture" id=1]
[ext_resource path="res://Resourses/Sprites/rays.png" type="Texture" id=2]
[ext_resource path="res://Resourses/Sprites/logotype.png" type="Texture" id=3]
[ext_resource path="res://Scripts/SplashScreen.gd" type="Script" id=4]
[ext_resource path="res://Resourses/Sprites/bg_yellow.png" type="Texture" id=5]
[ext_resource path="res://Resourses/Fonts/YesevaOne-Regular.ttf" type="DynamicFontData" id=6]

[sub_resource type="CanvasItemMaterial" id=1]
blend_mode = 1

[sub_resource type="Curve" id=2]
_data = [ Vector2( 0, 0.527193 ), 0.0, 1.82261, 0, 0, Vector2( 1, 0.527193 ), -1.8609, 0.0, 0, 0 ]

[sub_resource type="CurveTexture" id=3]
curve = SubResource( 2 )

[sub_resource type="ParticlesMaterial" id=4]
flag_disable_z = true
direction = Vector3( 0, 0, 0 )
gravity = Vector3( 0, 0, 0 )
angular_velocity = 15.0
orbit_velocity = 0.0
orbit_velocity_random = 0.0
scale_curve = SubResource( 3 )
hue_variation = 1.0
hue_variation_random = 1.0

[sub_resource type="StyleBoxTexture" id=5]
texture = ExtResource( 5 )
region_rect = Rect2( 0, 0, 32, 32 )
axis_stretch_horizontal = 1
axis_stretch_vertical = 1

[sub_resource type="DynamicFont" id=6]
size = 44
use_mipmaps = true
use_filter = true
font_data = ExtResource( 6 )

[node name="SplashScreen" type="Control"]
anchor_right = 1.0
anchor_bottom = 1.0
script = ExtResource( 4 )
__meta__ = {
"_edit_use_anchors_": false
}

[node name="BG" type="TextureRect" parent="."]
anchor_right = 1.0
anchor_bottom = 1.0
texture = ExtResource( 1 )
stretch_mode = 2
__meta__ = {
"_edit_use_anchors_": false
}

[node name="Particles2D" type="Particles2D" parent="."]
self_modulate = Color( 1, 1, 1, 0.117647 )
material = SubResource( 1 )
position = Vector2( 199, 299 )
emitting = false
amount = 4
process_material = SubResource( 4 )
texture = ExtResource( 2 )

[node name="Logotype" type="TextureRect" parent="."]
anchor_left = 0.5
anchor_top = 0.403
anchor_right = 0.5
anchor_bottom = 0.403
margin_left = -138.5
margin_top = -65.593
margin_right = 106.5
margin_bottom = 97.407
texture = ExtResource( 3 )
expand = true
__meta__ = {
"_edit_use_anchors_": false
}

[node name="BtnPlay" type="Button" parent="."]
anchor_top = 1.0
anchor_right = 1.0
anchor_bottom = 1.0
margin_top = -14.0
grow_vertical = 0
rect_min_size = Vector2( 0, 90 )
focus_mode = 0
size_flags_horizontal = 3
custom_styles/hover = SubResource( 5 )
custom_styles/pressed = SubResource( 5 )
custom_styles/focus = SubResource( 5 )
custom_styles/disabled = SubResource( 5 )
custom_styles/normal = SubResource( 5 )
custom_fonts/font = SubResource( 6 )
custom_colors/font_color_disabled = Color( 0, 0, 0, 1 )
custom_colors/font_color = Color( 0, 0, 0, 1 )
custom_colors/font_color_hover = Color( 0, 0, 0, 1 )
custom_colors/font_color_pressed = Color( 0, 0, 0, 1 )
shortcut_in_tooltip = false
enabled_focus_mode = 0
text = "PLAY"

[connection signal="pressed" from="BtnPlay" to="." method="_on_BtnPlay_pressed"]
