[gd_scene load_steps=12 format=2]

[ext_resource path="res://Resourses/Fonts/YesevaOne-Regular.ttf" type="DynamicFontData" id=1]
[ext_resource path="res://Resourses/Sprites/bg_yellow.png" type="Texture" id=2]
[ext_resource path="res://Resourses/Sprites/bg_pink.png" type="Texture" id=3]
[ext_resource path="res://Resourses/Sprites/v_text.png" type="Texture" id=4]
[ext_resource path="res://Scripts/SummaryScreen.gd" type="Script" id=5]

[sub_resource type="StyleBoxTexture" id=1]
texture = ExtResource( 3 )
region_rect = Rect2( 0, 0, 32, 32 )
axis_stretch_horizontal = 1
axis_stretch_vertical = 1

[sub_resource type="DynamicFont" id=2]
size = 44
use_mipmaps = true
use_filter = true
font_data = ExtResource( 1 )

[sub_resource type="DynamicFont" id=3]
size = 15
use_mipmaps = true
use_filter = true
font_data = ExtResource( 1 )

[sub_resource type="DynamicFont" id=4]
size = 36
use_mipmaps = true
use_filter = true
font_data = ExtResource( 1 )

[sub_resource type="DynamicFont" id=5]
size = 24
use_mipmaps = true
use_filter = true
font_data = ExtResource( 1 )

[sub_resource type="DynamicFont" id=6]
size = 40
use_mipmaps = true
use_filter = true
font_data = ExtResource( 1 )

[node name="SummaryScreen" type="Control"]
anchor_right = 1.0
anchor_bottom = 1.0
script = ExtResource( 5 )
__meta__ = {
"_edit_use_anchors_": false
}

[node name="Bg" type="TextureRect" parent="."]
anchor_right = 1.0
anchor_bottom = 1.0
texture = ExtResource( 2 )
stretch_mode = 2
__meta__ = {
"_edit_use_anchors_": false
}

[node name="Decal" type="TextureRect" parent="."]
anchor_right = 0.170316
anchor_bottom = 1.0
texture = ExtResource( 3 )
stretch_mode = 2
__meta__ = {
"_edit_use_anchors_": true
}

[node name="VText" type="TextureRect" parent="Decal"]
anchor_left = 0.5
anchor_top = 0.5
anchor_right = 0.5
anchor_bottom = 0.5
margin_left = -35.0
margin_top = -448.0
margin_right = 35.0
margin_bottom = 448.0
texture = ExtResource( 4 )
stretch_mode = 4
__meta__ = {
"_edit_use_anchors_": false
}

[node name="BtnReplay" type="Button" parent="."]
anchor_top = 1.0
anchor_right = 1.0
anchor_bottom = 1.0
margin_top = -20.0
grow_vertical = 0
rect_min_size = Vector2( 0, 90 )
focus_mode = 0
custom_styles/hover = SubResource( 1 )
custom_styles/pressed = SubResource( 1 )
custom_styles/focus = SubResource( 1 )
custom_styles/disabled = SubResource( 1 )
custom_styles/normal = SubResource( 1 )
custom_fonts/font = SubResource( 2 )
custom_colors/font_color_disabled = Color( 0, 0, 0, 1 )
custom_colors/font_color = Color( 0, 0, 0, 1 )
custom_colors/font_color_hover = Color( 0, 0, 0, 1 )
custom_colors/font_color_pressed = Color( 0, 0, 0, 1 )
enabled_focus_mode = 0
text = "NEW TICKET"
__meta__ = {
"_edit_use_anchors_": false
}

[node name="Label" type="Label" parent="."]
anchor_right = 1.0
margin_top = 32.0
margin_bottom = 50.0
custom_fonts/font = SubResource( 3 )
custom_colors/font_color = Color( 0, 0, 0, 1 )
text = "your money"
align = 1
__meta__ = {
"_edit_use_anchors_": false
}

[node name="Score" type="Label" parent="."]
anchor_right = 1.0
margin_top = 52.0
margin_bottom = 94.0
custom_fonts/font = SubResource( 4 )
custom_colors/font_color = Color( 0, 0, 0, 1 )
text = "000"
align = 1

[node name="RoundScore" type="Label" parent="."]
anchor_right = 1.0
margin_top = 91.0
margin_bottom = 119.0
custom_fonts/font = SubResource( 5 )
custom_colors/font_color = Color( 1, 0.211765, 0.211765, 1 )
text = "+0"
align = 1
__meta__ = {
"_edit_use_anchors_": false
}

[node name="SummaryTable" type="HBoxContainer" parent="."]
anchor_left = 0.5
anchor_top = 0.5
anchor_right = 0.5
anchor_bottom = 0.5
margin_left = -115.5
margin_top = -221.5
margin_right = -75.5
margin_bottom = -174.5
custom_constants/separation = 20
__meta__ = {
"_edit_use_anchors_": false
}

[node name="PrizeList" type="Label" parent="SummaryTable"]
margin_bottom = 47.0
custom_fonts/font = SubResource( 6 )
custom_colors/font_color = Color( 0, 0, 0, 1 )
__meta__ = {
"_edit_use_anchors_": false
}

[node name="CefList" type="Label" parent="SummaryTable"]
margin_left = 20.0
margin_right = 20.0
margin_bottom = 47.0
custom_fonts/font = SubResource( 6 )
custom_colors/font_color = Color( 1, 0.211765, 0.211765, 1 )
__meta__ = {
"_edit_use_anchors_": false
}

[node name="Tween" type="Tween" parent="."]

[connection signal="pressed" from="BtnReplay" to="." method="_on_BtnReplay_pressed"]
